<record><leader>00000cas a22000007a 4500</leader><controlfield tag="001">10590191</controlfield><controlfield tag="008">840403d18881904mtuwr ne      0    0eng d</controlfield><datafield ind1=" " ind2=" " tag="010"><subfield code="a">sn 84036049 </subfield></datafield><datafield ind1=" " ind2=" " tag="040"><subfield code="a">MTL</subfield><subfield code="b">eng</subfield><subfield code="c">MTL</subfield><subfield code="d">OCLCQ</subfield></datafield><datafield ind1=" " ind2=" " tag="042"><subfield code="a">msc</subfield></datafield><datafield ind1=" " ind2=" " tag="043"><subfield code="a">n-us-mt</subfield></datafield><datafield ind1="0" ind2=" " tag="130"><subfield code="a">Age (Boulder, Mont.)</subfield></datafield><datafield ind1="1" ind2="4" tag="245"><subfield code="a">The Age.</subfield></datafield><datafield ind1="1" ind2="7" tag="246"><subfield code="a">Boulder age</subfield></datafield><datafield ind1=" " ind2=" " tag="260"><subfield code="a">Boulder, Mont. :</subfield><subfield code="b">W. Kennedy,</subfield><subfield code="c">1888-1904.</subfield></datafield><datafield ind1=" " ind2=" " tag="300"><subfield code="a">17 v. :</subfield><subfield code="b">ill. ;</subfield><subfield code="c">56 cm.</subfield></datafield><datafield ind1=" " ind2=" " tag="310"><subfield code="a">Weekly</subfield></datafield><datafield ind1="0" ind2=" " tag="362"><subfield code="a">Vol. 1, no. 1 (Mar. 21, 1888)-v. 17, no. 41 (Dec. 28, 1904).</subfield></datafield><datafield ind1=" " ind2=" " tag="500"><subfield code="a">"Independent," 1888-1889.</subfield></datafield><datafield ind1=" " ind2=" " tag="500"><subfield code="a">"Populist," 1892-1894.</subfield></datafield><datafield ind1=" " ind2=" " tag="500"><subfield code="a">"Republican," 1889 election, 1895-1904.</subfield></datafield><datafield ind1=" " ind2=" " tag="500"><subfield code="a">"Official paper for Jefferson County," 1895-1897, 1901-1902.</subfield></datafield><datafield ind1=" " ind2=" " tag="500"><subfield code="a">Publisher varies.</subfield></datafield><datafield ind1=" " ind2=" " tag="530"><subfield code="a">Available on microfilm from Micro Photo Division, Bell and Howell.</subfield></datafield><datafield ind1=" " ind2=" " tag="752"><subfield code="a">United States</subfield><subfield code="b">Montana</subfield><subfield code="c">Jefferson</subfield><subfield code="d">Boulder.</subfield></datafield><datafield ind1="0" ind2="7" tag="785"><subfield code="t">Sentinel (Boulder, Mont.)</subfield><subfield code="w">(DLC)sn 84036047</subfield></datafield><datafield ind1="0" ind2="7" tag="785"><subfield code="t">Age sentinel</subfield><subfield code="w">(DLC)sn 84036048</subfield></datafield></record>